@book{Arb1800,
author = "Arbogast, L. F. A.",
year = "1800",
title = "Du calcul des derivations",
publisher = "Levrault",
address = "Strasbourg"
}
%, pp. xxiii+404, Entirely freely available from Google 

@book{Cha2002,
author = "C.A. Charalambides",
title = "Enumerative Combinatorics",
publisher = "Chapman \& Hall/CRC",
year = "2002"
}

@book{Com1974,
author = "L. Comtet",
title = "Advanced Combinatorics",
publisher = "Reidel",
address = "Dordrecht",
year = "1974" 
}

@article{Gra1883},
author = "J.P. Gram",
title = "Ueber die Entwicklung reeller Funktionen in Reihen mittelst der Methode der kleinsten Quadraten",
journal = "J. Reine Angew. Math.",
volume = "94",
year = "1883",
pages = "41--73"
}

@article{Cha1914,
author = "C.V.L. Charlier",
title = "Frequency curves of type  in heterograde statistics",
journal = "Ark. Mat. Astr. Fysik",
volume = "9",
series = "25",
year = "1914",
pages = "1--17"
}

@article{Bel1934,
author = "E. T. Bell",
title = "Exponential polynomials",
journal = "Annals of Mathematics",
volume = "35",
year = "1934",
pages = "258--277"
}

@article{cm2001,
author = "P Carr and D. Madan",
title = "Optimal Positioning in Derivative Securities",
journal = "Quantitative Finance",
volume = "1",
year = "2001",
pages = "19--37"
}

@article{JarRud1982,
author = "Jarrow, R. and A. Rudd",
title = "Approximate Option Valuation for Arbitrary Stochastic Processes",
journal = "Journal of Financial Economics",
year = "1982",
volume = "10",
pages = "347--369"
}

@book{Luk1970,
author = "Lukacs, E.",
year = "1970",
title = "Characteristic Functions (2nd Edition)",
publisher = "Griffin",
address = "London"
} 

@book{AbrSte1964,
    editor = {Abramowitz, Milton and Stegun, Irene A.},
     title = {Handbook of Mathematical Functions with Formulas, Graphs, and
                    Mathematical Tables},
    series = {National Bureau of Standards Applied Mathematics Series},
    number = {55},
 publisher = {U.S. Government Printing Office, Washington, D.C.},
      year = {1964},
     pages = {xiv+1046},
   mrclass = {33.00 (65.05)},
  mrnumber = {MR0167642 (29 \#4914)},
mrreviewer = {D. H. Lehmer},
     zblno = {0171.38503},
     links = {\URL[FullText]{http://www.math.sfu.ca/~cbm/aands/}}
}

@article{Ess1932,
author = "Esscher, F.",
year = "1932",
title = "On the Probability Function in the Collective Theory of Risk",
journal = "Skandinavisk Aktuarietidskrift",
volume = "15", 
series = "3",
pages = "175--195"
}

@incollection{Kol1992,
author = {Kolmogorov, A.N.},
title = "On the general form of a homogeneous stochastic process (The problem of Bruno de Finetti)",
editor = "A.N.  Shiryaev",
booktitle = "Selected Works of A.N. Kolmogorov, Vol 2: Probability
Theory and Mathematical Statistics",
publisher = {Kluwer},
address = {Dordrecht},
year = "1992",
pages =  "121-127"
}

@book{Pet1975,
author = {Petrov, V. V.},
year = {1975},
title = {Sums of Independent Random Variables},
publisher = {Springer},
address = {New York}
} 

@article{Bla1976,
author = {Black, Fischer},
year = "1976",
title = "The pricing of commodity contracts",
journal = "Journal of Financial Economics",
volume = 3,
pages = "67--179"
}

@book{ShoTam1943,
author = {Shohat, J.A. and Tamarkin, J.D.},
year = {1943},
title = {The Problem of Moments},
publisher = {American Mathematical Society},
address = {New York}
} 
